@article{ziller2013charting,
  title={Charting a dynamic DNA methylation landscape of the human genome},
  author={Ziller, Michael J and Gu, Hongcang and M{\"u}ller, Fabian and Donaghey, Julie and Tsai, Linus T-Y and Kohlbacher, Oliver and De Jager, Philip L and Rosen, Evan D and Bennett, David A and Bernstein, Bradley E and others},
  journal={Nature},
  volume={500},
  number={7463},
  pages={477--481},
  year={2013},
  publisher={Nature Publishing Group}
}

@article{scikit-learn,
 title={Scikit-learn: Machine Learning in {P}ython},
 author={Pedregosa, F. and Varoquaux, G. and Gramfort, A. and Michel, V.
         and Thirion, B. and Grisel, O. and Blondel, M. and Prettenhofer, P.
         and Weiss, R. and Dubourg, V. and Vanderplas, J. and Passos, A. and
         Cournapeau, D. and Brucher, M. and Perrot, M. and Duchesnay, E.},
 journal={Journal of Machine Learning Research},
 volume={12},
 pages={2825--2830},
 year={2011}
}